%% This BibTeX bibliography file was created using BibDesk.
%% http://bibdesk.sourceforge.net/

%% Created for sundaymouse at 2018-04-03 17:06:51 +0100 


%% Saved with string encoding Unicode (UTF-8) 



@article{pecina2010lexical,
	Author = {Pecina, Pavel},
	Date-Added = {2018-04-03 16:06:45 +0000},
	Date-Modified = {2018-04-03 16:06:45 +0000},
	Journal = {Language resources and evaluation},
	Number = {1-2},
	Pages = {137--158},
	Publisher = {Springer},
	Title = {Lexical association measures and collocation extraction},
	Volume = {44},
	Year = {2010}}
